@misc{django,
  title={Django Project},
  howpublished={\url{https://www.djangoproject.com/}},
  note={Accessed on Jul. 2021}
}

@misc{form-validation,
  title={Client-side form validation},
  howpublished={\url{https://developer.mozilla.org/en-US/docs/Learn/Forms/Form_validation}},
  note={Accessed on Aug. 2021}
}

@misc{yaml,
  title={The Official YAML Web Site},
  howpublished={\url{https://yaml.org/}},
  note={Accessed on Sep. 2021}
}
