@article{mica,
  doi = {10.1093/ije/dyx180},
  year = {2017},
  month = sep,
  publisher = {Oxford University Press ({OUP})},
  volume = {46},
  number = {5},
  pages = {1372--1378},
  author = {Dany Doiron and Yannick Marcon and Isabel Fortier and Paul Burton and Vincent Ferretti},
  title = {Software Application Profile: Opal and Mica: open-source software solutions for epidemiological data management,  harmonization and dissemination},
  journal = {International Journal of Epidemiology}
}

@article{molgenis,
  doi = {10.1186/1471-2105-11-s12-s12},
  year = {2010},
  month = dec,
  publisher = {Springer Science and Business Media {LLC}},
  volume = {11},
  number = {S12},
  author = {Morris A Swertz and Martijn Dijkstra and Tomasz Adamusiak and Joeri K van der Velde and Alexandros Kanterakis and Erik T Roos and Joris Lops and Gudmundur A Thorisson and Danny Arends and George Byelas and Juha Muilu and Anthony J Brookes and Engbert O de Brock and Ritsert C Jansen and Helen Parkinson},
  title = {The {MOLGENIS} toolkit: rapid prototyping of biosoftware at the push of a button},
  journal = {{BMC} Bioinformatics}
}

@article{fair,
  doi = {10.1038/sdata.2016.18},
  year = {2016},
  month = mar,
  publisher = {Springer Science and Business Media {LLC}},
  volume = {3},
  number = {1},
  author = {Mark D. Wilkinson and Michel Dumontier and IJsbrand Jan Aalbersberg and Gabrielle Appleton and Myles Axton and Arie Baak and Niklas Blomberg and Jan-Willem Boiten and Luiz Bonino da Silva Santos and Philip E. Bourne and Jildau Bouwman and Anthony J. Brookes and Tim Clark and Merce Crosas and Ingrid Dillo and Olivier Dumon and Scott Edmunds and Chris T. Evelo and Richard Finkers and Alejandra Gonzalez-Beltran and Alasdair J.G. Gray and Paul Groth and Carole Goble and Jeffrey S. Grethe and Jaap Heringa and Peter A.C 't Hoen and Rob Hooft and Tobias Kuhn and Ruben Kok and Joost Kok and Scott J. Lusher and Maryann E. Martone and Albert Mons and Abel L. Packer and Bengt Persson and Philippe Rocca-Serra and Marco Roos and Rene van Schaik and Susanna-Assunta Sansone and Erik Schultes and Thierry Sengstag and Ted Slater and George Strawn and Morris A. Swertz and Mark Thompson and Johan van der Lei and Erik van Mulligen and Jan Velterop and Andra Waagmeester and Peter Wittenburg and Katherine Wolstencroft and Jun Zhao and Barend Mons},
  title = {The {FAIR} Guiding Principles for scientific data management and stewardship},
  journal = {Scientific Data}
}

@article{systematic-review,
  doi = {10.1016/j.jbi.2019.103154},
  year = {2019},
  month = may,
  publisher = {Elsevier {BV}},
  volume = {93},
  pages = {103154},
  author = {Alina Trifan and Jos{\'{e}} Lu{\'{\i}}s Oliveira},
  title = {Patient data discovery platforms as enablers of biomedical and translational research: A systematic review},
  journal = {Journal of Biomedical Informatics}
}

@article{maelstrom,
  doi = {10.1371/journal.pone.0200926},
  year = {2018},
  month = jul,
  publisher = {Public Library of Science ({PLoS})},
  volume = {13},
  number = {7},
  pages = {e0200926},
  author = {Julie Bergeron and Dany Doiron and Yannick Marcon and Vincent Ferretti and Isabel Fortier},
  editor = {Omid Beiki},
  title = {Fostering population-based cohort data discovery: The Maelstrom Research cataloguing toolkit},
  journal = {{PLOS} {ONE}}
}

@article{redcap,
  doi = {10.1080/15424065.2016.1259026},
  year = {2016},
  month = oct,
  publisher = {Informa {UK} Limited},
  volume = {13},
  number = {4},
  pages = {197--201},
  author = {Andrea Wright},
  title = {{REDCap}: A Tool for the Electronic Capture of Research Data},
  journal = {Journal of Electronic Resources in Medical Libraries}
}

@article{gaain,
  doi = {10.1016/j.neuroimage.2015.05.082},
  year = {2016},
  month = jan,
  publisher = {Elsevier {BV}},
  volume = {124},
  pages = {1168--1174},
  author = {Scott C. Neu and Karen L. Crawford and Arthur W. Toga},
  title = {Sharing data in the global alzheimer{\textquotesingle}s association interactive network},
  journal = {{NeuroImage}}
}

@article{biosharing,
  doi = {10.1093/database/baw075},
  year = {2016},
  publisher = {Oxford University Press ({OUP})},
  volume = {2016},
  pages = {baw075},
  author = {Peter McQuilton and Alejandra Gonzalez-Beltran and Philippe Rocca-Serra and Milo Thurston and Allyson Lister and Eamonn Maguire and Susanna-Assunta Sansone},
  title = {{BioSharing}: curated and crowd-sourced metadata standards,  databases and data policies in the life sciences},
  journal = {Database}
}

@article{egenvar,
  doi = {10.1093/database/bau027},
  year = {2014},
  month = jan,
  publisher = {Oxford University Press ({OUP})},
  volume = {2014},
  author = {Sabry Razick and Rok Mo{\v{c}}nik and Laurent F. Thomas and Einar Ryeng and Finn Drabl{\o}s and P{\aa}l S{\ae}trom},
  title = {The {eGenVar} data management system{\textemdash}cataloguing and sharing sensitive data and metadata for the life sciences},
  journal = {Database}
}

@article{datamed,
  doi = {10.1093/jamia/ocx121},
  year = {2018},
  month = jan,
  publisher = {Oxford University Press ({OUP})},
  volume = {25},
  number = {3},
  pages = {300--308},
  author = {Xiaoling Chen and Anupama E Gururaj and Burak Ozyurt and Ruiling Liu and Ergin Soysal and Trevor Cohen and Firat Tiryaki and Yueling Li and Nansu Zong and Min Jiang and Deevakar Rogith and Mandana Salimi and Hyeon-eui Kim and Philippe Rocca-Serra and Alejandra Gonzalez-Beltran and Claudiu Farcas and Todd Johnson and Ron Margolis and George Alter and Susanna-Assunta Sansone and Ian M Fore and Lucila Ohno-Machado and Jeffrey S Grethe and Hua Xu},
  title = {{DataMed} {\textendash} an open source discovery index for finding biomedical datasets},
  journal = {Journal of the American Medical Informatics Association}
}

@article{datasphere,
  doi = {10.1634/theoncologist.2014-0431},
  year = {2015},
  month = apr,
  publisher = {Wiley},
  volume = {20},
  number = {5},
  pages = {464},
  author = {Angela K. Green and Katherine E. Reeder-Hayes and Robert W. Corty and Ethan Basch and Mathew I. Milowsky and Stacie B. Dusetzina and Antonia V. Bennett and William A. Wood},
  title = {The Project Data Sphere Initiative: Accelerating Cancer Research by Sharing Data},
  journal = {The Oncologist}
}

@article{vanderbilt,
  doi = {10.1016/j.jbi.2014.02.003},
  year = {2014},
  month = dec,
  publisher = {Elsevier {BV}},
  volume = {52},
  pages = {28--35},
  author = {Ioana Danciu and James D. Cowan and Melissa Basford and Xiaoming Wang and Alexander Saip and Susan Osgood and Jana Shirey-Rice and Jacqueline Kirby and Paul A. Harris},
  title = {Secondary use of clinical data: The Vanderbilt approach},
  journal = {Journal of Biomedical Informatics}
}

@article{popmednet,
  doi = {10.13063/2327-9214.1213},
  year = {2016},
  month = mar,
  publisher = {Ubiquity Press,  Ltd.},
  volume = {4},
  number = {2},
  pages = {5},
  author = {Melanie Davies and Kyle Erickson and Zachary Wyner and Jessica M. Malenfant and Rob Rosen and Jeff Brown},
  title = {Software-Enabled Distributed Network Governance: The {PopMedNet}
		                        Experience},
  journal = {{eGEMs} (Generating Evidence {\&} Methods to improve patient outcomes)}
}

@article{cafevariome,
  doi = {10.1002/humu.22841},
  year = {2015},
  month = aug,
  publisher = {Wiley},
  volume = {36},
  number = {10},
  pages = {957--964},
  author = {Owen Lancaster and Tim Beck and David Atlan and Morris Swertz and Dhiwagaran Thangavelu and Colin Veal and Raymond Dalgleish and Anthony J Brookes},
  title = {Cafe Variome: General-Purpose Software for Making Genotype-Phenotype Data Discoverable in Restricted or Open Access Contexts},
  journal = {Human Mutation}
}

@article{rdconnect,
  doi = {10.1038/s41431-017-0085-z},
  year = {2018},
  month = feb,
  publisher = {Springer Science and Business Media {LLC}},
  volume = {26},
  number = {5},
  pages = {631--643},
  author = {Sabina Gainotti and Paola Torreri and Chiuhui Mary Wang and Robert Reihs and Heimo Mueller and Emma Heslop and Marco Roos and Dorota Mazena Badowska and Federico de Paulis and Yllka Kodra and Claudio Carta and Estrella Lopez Martin and Vanessa Rangel Miller and Mirella Filocamo and Marina Mora and Mark Thompson and Yaffa Rubinstein and Manuel Posada de la Paz and Lucia Monaco and Hanns Lochm\"{u}ller and Domenica Taruscio},
  title = {The {RD}-Connect Registry {\&} Biobank Finder: a tool for sharing aggregated data and metadata among rare disease researchers},
  journal = {European Journal of Human Genetics}
}

@article{ehr4cr,
  doi = {10.1016/j.jbi.2014.10.006},
  year = {2015},
  month = feb,
  publisher = {Elsevier {BV}},
  volume = {53},
  pages = {162--173},
  author = {Georges De Moor and Mats Sundgren and Dipak Kalra and Andreas Schmidt and Martin Dugas and Brecht Claerhout and T\"{o}resin Karakoyun and Christian Ohmann and Pierre-Yves Lastic and Nadir Ammour and Rebecca Kush and Danielle Dupont and Marc Cuggia and Christel Daniel and Geert Thienpont and Pascal Coorevits},
  title = {Using electronic health records for clinical research: The case of the {EHR}4CR project},
  journal = {Journal of Biomedical Informatics}
}

@article{bbmrieric,
  doi = {10.1007/s00103-015-2301-8},
  year = {2016},
  month = feb,
  publisher = {Springer Science and Business Media {LLC}},
  volume = {59},
  number = {3},
  pages = {379--384},
  author = {Michaela Th. Mayrhofer and Petr Holub and Andrea Wutte and Jan-Eric Litton},
  title = {{BBMRI}-{ERIC}: the novel gateway to biobanks},
  journal = {Bundesgesundheitsblatt - Gesundheitsforschung - Gesundheitsschutz}
}

@article{braincode,
  doi = {10.3389/fninf.2018.00028},
  year = {2018},
  month = may,
  publisher = {Frontiers Media {SA}},
  volume = {12},
  author = {Anthony L. Vaccarino and Moyez Dharsee and Stephen Strother and Don Aldridge and Stephen R. Arnott and Brendan Behan and Costas Dafnas and Fan Dong and Kenneth Edgecombe and Rachad El-Badrawi and Khaled El-Emam and Tom Gee and Susan G. Evans and Mojib Javadi and Francis Jeanson and Shannon Lefaivre and Kristen Lutz and F. Chris MacPhee and Jordan Mikkelsen and Tom Mikkelsen and Nicholas Mirotchnick and Tanya Schmah and Christa M. Studzinski and Donald T. Stuss and Elizabeth Theriault and Kenneth R. Evans},
  title = {Brain-{CODE}: A Secure Neuroinformatics Platform for Management,  Federation,  Sharing and Analysis of Multi-Dimensional Neuroscience Data},
  journal = {Frontiers in Neuroinformatics}
}

@article{montra,
  doi = {10.1016/j.cmpb.2018.03.024},
  year = {2018},
  month = jul,
  publisher = {Elsevier {BV}},
  volume = {160},
  pages = {33--42},
  author = {Lu{\'{\i}}s Basti{\~{a}}o Silva and Alina Trifan and Jos{\'{e}} Lu{\'{\i}}s Oliveira},
  title = {{MONTRA}: An agile architecture for data publishing and discovery},
  journal = {Computer Methods and Programs in Biomedicine}
}

@article{emif,
  doi = {10.1016/j.ijmedinf.2019.02.006},
  year = {2019},
  month = jun,
  publisher = {Elsevier {BV}},
  volume = {126},
  pages = {35--45},
  author = {Jos{\'{e}} Lu{\'{\i}}s Oliveira and Alina Trifan and Lu{\'{\i}}s A. Basti{\~{a}}o Silva},
  title = {{EMIF} Catalogue: A collaborative platform for sharing and reusing biomedical data},
  journal = {International Journal of Medical Informatics}
}

@misc{ehden-portal,
  title={The European Health Data \& Evidence Network Portal},
  author={Almeida, Jo{\~a}o and Trifan, Alina and Hughes, Nigel and Rijnbeek, Peter and Oliveira, Jos{\'e} Lu{\'i}s},
  howpublished={\url{https://www.ohdsi-europe.org/images/symposium-2019/posters/30_Alina_Trifan.pdf}},
  note={Last Accessed on Dec. 2020}
}

@book{ohdsibook,
  title={The Book of OHDSI: Observational Health Data Sciences and Informatics},
  author={OHDSI},
  url={\url{https://ohdsi.github.io/TheBookOfOhdsi/}},
  year={2020},
  publisher={OHDSI}
}

@misc{ohdsi-site,
  title={OHDSI - Data Standardization},
  howpublished={\url{https://www.ohdsi.org/data-standardization/}},
  note={Last Accessed on Dec. 2020}
}

@misc{datasphere-site,
  title={Project Data Sphere},
  howpublished={\url{https://data.projectdatasphere.org/}},
  note={Last Accessed on Oct. 2021}
}

@misc{ehden-datapartners,
  title={EHDEN - Data Partners},
  howpublished={\url{https://www.ehden.eu/datapartners/}},
  note={Last Accessed on Dec. 2020}
}

@misc{achilles-github,
  title={Github - OHDSI - ACHILLES},
  howpublished={\url{https://github.com/OHDSI/Achilles}},
  note={Last Accessed on Jan. 2021}
}

@misc{ohdsi-tools,
  title={Software Tools - OHDSI},
  howpublished={\url{https://www.ohdsi.org/software-tools/}},
  note={Last Accessed on Jan. 2021}
}

@misc{peters-tool,
  title={Github - EHDEN - CatalogueExport},
  howpublished={\url{https://github.com/EHDEN/CatalogueExport}},
  note={Last Accessed on Jan. 2021}
}

@misc{fairsharing,
  title={FAIRsharing},
  howpublished={\url{https://fairsharing.org/}},
  note={Last Accessed on Jan. 2021}
}

@misc{dataverse,
  title={The Dataverse Project},
  howpublished={\url{https://dataverse.org/}},
  note={Last Accessed on Jan. 2021}
}

@misc{nada,
  title={NADA | Microdata Cataloging Tool},
  howpublished={\url{http://nada.ihsn.org/}},
  note={Last Accessed on Jan. 2021}
}

@article{dats,
  doi = {10.1038/sdata.2017.59},
  year = {2017},
  month = jun,
  publisher = {Springer Science and Business Media {LLC}},
  volume = {4},
  number = {1},
  author = {Susanna-Assunta Sansone and Alejandra Gonzalez-Beltran and Philippe Rocca-Serra and George Alter and Jeffrey S. Grethe and Hua Xu and Ian M. Fore and Jared Lyle and Anupama E. Gururaj and Xiaoling Chen and Hyeon-eui Kim and Nansu Zong and Yueling Li and Ruiling Liu and I. Burak Ozyurt and Lucila Ohno-Machado},
  title = {{DATS},  the data tag suite to enable discoverability of datasets},
  journal = {Scientific Data}
}

@article{cdm-dats,
  doi = {10.1093/jamia/ocx119},
  year = {2017},
  month = dec,
  publisher = {Oxford University Press ({OUP})},
  volume = {25},
  number = {1},
  pages = {13--16},
  author = {Alejandra N Gonzalez-Beltran and John Campbell and Patrick Dunn and Diana Guijarro and Sanda Ionescu and Hyeoneui Kim and Jared Lyle and Jeffrey Wiser and Susanna-Assunta Sansone and Philippe Rocca-Serra},
  title = {Data discovery with {DATS}: exemplar adoptions and lessons learned},
  journal = {Journal of the American Medical Informatics Association}
}

@inproceedings{skluma,
  doi = {10.1109/escience.2018.00040},
  year = {2018},
  month = oct,
  publisher = {{IEEE}},
  author = {Tyler J. Skluzacek and Rohan Kumar and Ryan Chard and Galen Harrison and Paul Beckman and Kyle Chard and Ian T. Foster},
  title = {Skluma: An Extensible Metadata Extraction Pipeline for Disorganized Data},
  booktitle = {2018 {IEEE} 14th International Conference on e-Science (e-Science)}
}

@inproceedings{xtract,
  doi = {10.1145/3366624.3368170},
  year = {2019},
  month = dec,
  publisher = {{ACM}},
  author = {Tyler J. Skluzacek},
  title = {Dredging a data lake},
  booktitle = {Proceedings of the 20th International Middleware Conference Doctoral Symposium}
}

@incollection{metaextractor,
  doi = {10.1007/978-3-642-40511-2_7},
  year = {2013},
  publisher = {Springer Berlin Heidelberg},
  pages = {84--99},
  author = {Alexandra Pomares-Quimbaya and Miguel Eduardo Torres-Moreno and Fabi{\'{a}}n Rold{\'{a}}n},
  title = {{MetaExtractor}: A System for Metadata Extraction from Structured Data Sources},
  booktitle = {Availability,  Reliability,  and Security in Information Systems and {HCI}}
}

@misc{ehden,
  title={European Health Data Evidence Network},
  howpublished={\url{https://www.ehden.eu/}},
  note={Last Accessed on Oct. 2021}
}

@misc{nextgen,
    title={NextGen Connect - User Guide},
    howpublished={\url{https://www.nextgen.com/-/media/files/nextgen-connect/nextgen-connect-310-user-guide.pdf}},
    note={Last Accessed on Oct. 2021}
}
