@article{django,
  title={Django Project},
  howpublished={\url{https://www.djangoproject.com/}},
  note={Accessed on Jul. 2021}
}

