@misc{dashboards,
  title={EHDEN - NetworkDashboads},
  howpublished={\url{https://github.com/EHDEN/NetworkDashboards}},
  note={Last Accessed on Oct. 2021}
}
